@misc{cesw17,
author = {Roger D. Chamberlain and Chris Edmiston and Brett Steinbrueck
and Don Williams},
title = {{Measuring Total Alkalinity in a Recirculating Fluid System}},
howpublished = {U.S. Patent Application 15/438,391},
year = 2017,
month = {filed Feb. 21,},
note = {Assigned to BECS Technology, Inc.}
}

@misc{prox,
author = {Todd Steinbrueck},
title = {{Proximity Detector}},
howpublished = {U.S. Patent Application 15/476,586},
year = 2017,
month = {filed Mar. 31,},
note = {Assigned to BECS Technology, Inc.}
}

@inproceedings{labcl10,
author = {Peng Li and Kunal Agrawal and Jeremy Buhler and Roger D. Chamberlain
and Joseph M. Lancaster},
title = {Deadlock-avoidance for Streaming Applications
with Split-Join Structure: Two Case Studies},
booktitle = {Proc.\  21st IEEE Int'l Conf.\
Application-specific Systems, Architectures and Processors},
month = jul,
year = 2010,
pages = {333--336}
}

@misc{lc03,
author = {Richard A. Livingston and Roger D. Chamberlain},
title = {Auto-compensating capacitive level sensor},
howpublished = {U.S. Patent \#6,539,797},
year = 2003,
month = {issued Apr. 1,},
note = {Assigned to BECS Technology, Inc.}
}

@inproceedings{fx12,
 author = {Fan, Liyue and Xiong, Li},
 title = {Real-time Aggregate Monitoring with Differential Privacy},
 booktitle = {Proc.\ of 21st ACM International Conference on Information and Knowledge Management},
 year = {2012},
 isbn = {978-1-4503-1156-4},
 location = {Maui, Hawaii, USA},
 pages = {2169--2173},
 doi = {10.1145/2396761.2398595},
 acmid = {2398595},
 publisher = {ACM},
 address = {New York, NY, USA},
 keywords = {differential privacy, estimation, sampling, time series},
}

@ARTICLE{fx14,
author={L. Fan and L. Xiong},
journal={IEEE Transactions on Knowledge and Data Engineering},
title={An Adaptive Approach to Real-Time Aggregate Monitoring With Differential Privacy},
year={2014},
volume={26},
number={9},
pages={2094-2106},
doi={10.1109/TKDE.2013.96},
ISSN={1041-4347},
month=sep,
}

@article{lnpr14,
title = "$\delta$-dependency for privacy-preserving {XML} data publishing",
journal = "Journal of Biomedical Informatics",
volume = "50",
number = "",
pages = "77-94",
year = "2014",
issn = "1532-0464",
doi = "https://doi.org/10.1016/j.jbi.2014.01.013",
url = "http://www.sciencedirect.com/science/article/pii/S153204641400015X",
author = "Anders H. Landberg and Kinh Nguyen and Eric Pardede and J. Wenny Rahayu",
keywords = "Medical privacy",
keywords = "XML",
keywords = "Hierarchy",
keywords = "Dissection",
keywords = "Privacy-preserving healthcare data "
}

@article{wll15,
author = {Jun Wang and Shubo Liu and Yongkai Li},
title = {A Review of Differential Privacy in Individual Data Release},
journal = {International Journal of Distributed Sensor Networks},
note = {DOI:10.1155/2015/259682},
year = 2015,
month = jan
}

@inproceedings{rn10,
 author = {Rastogi, Vibhor and Nath, Suman},
 title = {Differentially Private Aggregation of Distributed Time-series with Transformation and Encryption},
 booktitle = {Proc.\ of ACM SIGMOD International Conference on Management of Data},
 year = {2010},
 isbn = {978-1-4503-0032-2},
 location = {Indianapolis, Indiana, USA},
 pages = {735--746},
 doi = {10.1145/1807167.1807247},
 acmid = {1807247},
 publisher = {ACM},
 address = {New York, NY, USA},
 keywords = {distributed noise addition, output perturbation, participatory data mining, private data analysis, time-series data},
}

@article{nkk13,
author = {Hiep H. Nguyen and Jong Kim and Yoonho Kim},
title = {Differential Privacy in Practice},
journal = {Journal of Computing Science and Engineering},
volume = 7,
number = 3,
pages = {177--186},
year = 2013,
month = sep
}

@article{hrms10,
 author = {Hay, Michael and Rastogi, Vibhor and Miklau, Gerome and Suciu, Dan},
 title = {Boosting the Accuracy of Differentially Private Histograms Through Consistency},
 journal = {Proc.\ VLDB Endow.},
 volume = {3},
 number = {1-2},
 month = sep,
 year = {2010},
 issn = {2150-8097},
 pages = {1021--1032},
 url = {http://dx.doi.org/10.14778/1920841.1920970},
 doi = {10.14778/1920841.1920970},
 acmid = {1920970},
 publisher = {VLDB Endowment},
}

@incollection{xxy10,
author="Xiao, Yonghui and Xiong, Li and Yuan, Chun",
editor="Jonker, Willem and Petkovi{\'{c}}, Milan",
title="Differentially Private Data Release through Multidimensional Partitioning",
booktitle="Proc.\ of 7th VLDB Workshop on Secure Data Management",
year="2010",
publisher="Springer Berlin Heidelberg",
address="Berlin, Heidelberg",
pages="150--168",
isbn="978-3-642-15546-8",
doi="10.1007/978-3-642-15546-8_11",
url="http://dx.doi.org/10.1007/978-3-642-15546-8_11"
}

@inproceedings{McSherry09,
 author = {McSherry, Frank D.},
 title = {Privacy Integrated Queries: An Extensible Platform for Privacy-preserving Data Analysis},
 booktitle = {Proc.\ of ACM SIGMOD International Conference on Management of Data},
 year = {2009},
 isbn = {978-1-60558-551-2},
 location = {Providence, Rhode Island, USA},
 pages = {19--30},
 url = {http://doi.acm.org/10.1145/1559845.1559850},
 doi = {10.1145/1559845.1559850},
 acmid = {1559850},
 publisher = {ACM},
 address = {New York, NY, USA},
 keywords = {anonymization, confidentiality, differential privacy, linq},
}

@book{Jain91,
author = {Raj Jain},
title = {The Art of Computer System Performance Analysis:
Techniques for Experimental Design, Measurement, Simulation and Modeling},
publisher = {John Wiley \& Sons, Inc.},
address = {New York},
year = 1991
}

@article{Mossman99,
author = {D. Mossman},
title = {Three-way {ROCs}},
journal = {Medical Decision Making},
volume = 19,
number = 1,
pages = {78--89},
year = 1999
}

@article{HO13,
author = {Jose Hernandez-Orallo},
title = {{ROC} Curves for Regression},
journal = {Pattern Recognition},
volume = 46,
number = 12,
pages = {3395--3411},
year = 2013,
month = dec
}

@article{Fawcett06,
author = {Tom Fawcett},
title = {An Introduction to {ROC} Analysis},
journal = {Pattern Recognition Letters},
volume = 27,
number = 8,
pages = {861--874},
month = jun,
year = 2006
}

@inproceedings{cgi03,
author = {Roger D. Chamberlain and Julius L. Goldstein and Darko Ivanovich},
title = {Implementation of Hearing Aid Signal Processing Algorithms on the
{TI DHP-100} Platform},
booktitle = {Proc.\ of 37th Asilomar Conf.\ on Signals, Systems and Computers},
month = nov,
year = 2003,
pages = {404-409},
volume = 1,
doi={10.1109/ACSSC.2003.1291943},
}

@article{gvc01,
author = {J. L. Goldstein and M. Valente and R. D. Chamberlain},
title = {Acoustic and Psychoacoustic Benefits of Adaptive Compression
Thresholds in Hearing Aid Amplifiers that Mimic Cochlear Function},
journal = {J. Acoust. Soc. Am.},
volume = 109,
pages = {2355(A)},
year = 2001
}

@inproceedings{gvcgi00,
author = {J. L. Goldstein and M. Valente and R. D. Chamberlain and
P. Gilchrist and D. Ivanovich},
title = {Pilot Experiments with a Simulated Hearing Aid Based on
Models of Cochlear Compression},
booktitle = {Proc.\ of International Hearing Aid Research Conference},
month = aug,
year = 2000
}

@INPROCEEDINGS{gogv03,
author={J. L. Goldstein and M. Oz and P. Gilchrist and M. Valente},
booktitle={Proc.\ of 37th Asilomar Conference on Signals, Systems and Computers},
title={Signal processing strategies and clinical outcomes for gain and waveform compression in hearing aids},
year= 2003,
volume={1},
pages={391-398},
doi={10.1109/ACSSC.2003.1291941},
month= nov,
}

@inproceedings{dlmbc10,
author = {Rahav Dor and Joseph M. Lancaster and Mark A. Franklin and
Jeremy Buhler and Roger D. Chamberlain},
title = {Using Queuing Theory to Model Streaming Applications},
booktitle = {Proc.\ of Symposium on Application Accelerators in High Performance Computing},
month = jul,
year = 2010
}

@inproceedings{jbc10a,
author = {Arpith C. Jacob and Jeremy D. Buhler and Roger D. Chamberlain},
title = {Rapid {RNA} Folding: Analysis and Acceleration of the {Zuker}
Recurrence},
booktitle = {Proc.\ of 18th IEEE International Symposium on
Field-Programmable Custom Computing Machines},
month = may,
year = 2010,
pages = {87-94}
}

@inproceedings{jbc10b,
author = {Arpith C. Jacob and Jeremy D. Buhler and Roger D. Chamberlain},
title = {Design of throughput-optimized arrays from recurrence abstractions},
booktitle = {Proc.\ of 21st IEEE International Conference on
Application-specific Systems, Architectures and Processors},
month = jul,
year = 2010,
pages = {133-140}
}

@inproceedings{jbc09,
author = {Arpith C. Jacob and Jeremy D. Buhler and Roger D. Chamberlain},
title = {Optimal Runtime Reconfiguration Strategies for Systolic Arrays},
booktitle = {Proc.\ of 19th International Conference on Field Programmable
Logic and Applications},
month = aug,
year = 2009,
pages = {162-167}
}

@article{lbc09,
author = {Joseph Lancaster and Jeremy Buhler and Roger D. Chamberlain},
title = {Acceleration of Ungapped Extension in {Mercury BLAST}},
journal = {Microprocessors and Microsystems},
volume = 33,
number = 4,
pages = {281-289},
month = jun,
year = 2009
}

@inproceedings{jbc08,
author = {Arpith Jacob and Jeremy D. Buhler and Roger D. Chamberlain},
title = {Accelerating {Nussinov RNA} Secondary Structure Prediction with
Systolic Arrays on {FPGAs}},
booktitle = {Proc.\ of IEEE International Conference on Application-specific
Systems, Architectures and Processors},
month = jul,
year = 2008,
pages = {191-196}
}

@article{jlbhc08,
author = {Arpith Jacob and Joseph Lancaster and Jeremy Buhler and
Brandon Harris and Roger D. Chamberlain},
title = {Mercury {BLASTP}: Accelerating Protein Sequence Alignment},
journal = {ACM Trans. on Reconfigurable Technology and Systems},
volume = 1,
number = 2,
pages = {1-44},
month = jun,
year = 2008,
doi = {10.1145/1371579.1371581}
}

@article{kbcfgjl07,
author = {Praveen Krishnamurthy and Jeremy Buhler and Roger D. Chamberlain
and Mark A. Franklin and Kwame Gyang and Arpith Jacob and Joseph Lancaster},
title = {Biosequence Similarity Search on the {Mercury} System},
journal = {Journal of VLSI Signal Processing},
volume = 49,
number = 1,
pages = {101-121},
month = oct,
year = 2007
}

@inproceedings{hjlbc07,
author = {Brandon Harris and Arpith C. Jacob and Joseph M. Lancaster and
Jeremy Buhler and Roger D. Chamberlain},
title = {A Banded {Smith-Waterman FPGA} Accelerator for {Mercury BLASTP}},
booktitle = {Proc. of 17th International Conference on Field Programmable
Logic and Applications},
month = aug,
year = 2007
}

@inproceedings{bljc07,
author = {Jeremy D. Buhler and Joseph M. Lancaster and Arpith C. Jacob
and Roger D. Chamberlain},
title = {Mercury {BLASTN}: Faster {DNA} Sequence Comparison Using a
Streaming Hardware Architecture},
booktitle = {Proc.\ of Reconfigurable Systems Summer Institute},
month = jul,
year = 2007
}

@inproceedings{jlbc07b,
author = {Arpith Jacob and Joseph Lancaster and Jeremy Buhler and Roger D. Chamberlain},
title = {{FPGA}-accelerated seed generation in {Mercury BLASTP}},
booktitle = {Proc.\ of 15th IEEE Symposium on Field-Programmable Custom Computing Machines},
month = apr,
year = 2007,
pages = {97-106}
}

@inproceedings{jlbc07a,
author = {Arpith Jacob and Joseph Lancaster and Jeremy Buhler and Roger D. Chamberlain},
title = {Preliminary results in accelerating profile {HMM} search on {FPGAs}},
booktitle = {Proc.\ of 6th IEEE International Workshop on High Performance
Computational Biology},
month = mar,
year = 2007
}

@inproceedings{lbc05,
author = {Joseph Lancaster and Jeremy Buhler and Roger D. Chamberlain},
title = {Acceleration of Ungapped Extension in {Mercury BLAST}},
booktitle = {Proc.\ of 7th Workshop on Media and Streaming Processors},
month = nov,
year = 2005
}

@inproceedings{kbcfgl04,
author = {Praveen Krishnamurthy and Jeremy Buhler and Roger Chamberlain and
Mark Franklin and Kwame Gyang and Joseph Lancaster},
title = {Biosequence Similarity Search on the {Mercury} System},
booktitle = {Proc.\ of IEEE 15th International Conference on
Application-specific Systems, Architectures and Processors},
month = sep,
year = 2004,
pages = {365-375}
}

@misc{Goldstein05a,
author = {Julius L. Goldstein},
title = {Hearing aids based on models of cochlear compression},
howpublished = {U.S. Patent \#6,868,163},
year = 2005,
month = {issued Mar. 15,},
note = {Assigned to Hearing Emulations, LLC}
}

@misc{Goldstein05b,
author = {Julius L. Goldstein},
title = {Hearing aids based on models of cochlear compression
using adaptive compression thresholds},
howpublished = {U.S. Patent \#6,970,570},
year = 2005,
month = {issued Nov. 29,},
note = {Assigned to Hearing Emulations, LLC}
}

@misc{gc03,
author = {Julius L. Goldstein and Roger D. Chamberlain},
title = {Hearing Aids Based on Models of Cochlear Compression},
howpublished = {European Letters Patent \#EP 1 121 834},
month = {issued Apr. 2,},
year = 2003, 
note = {Assigned to Hearing Emulations, LLC}
}

@misc{Buhler17,
author = {Jeremy Buhler and Roger Chamberlain and Mark Franklin and Kwame Gyang
and Arpith Jacob and Praveen Krishnamurthy and Joseph Lancaster},
title = {Method and Apparatus for Performing Similarity Searching},
howpublished = {U.S. Patent \#9,547,680},
month = {issued Jan. 17,},
year = 2017
}

@misc{Buhler13,
author = {Jeremy Buhler and Roger Chamberlain and Mark Franklin and Kwame Gyang
and Arpith Jacob and Praveen Krishnamurthy and Joseph Lancaster},
title = {Method and Apparatus for Performing Similarity Searching},
howpublished = {U.S. Patent \#8,515,682},
month = {issued Aug. 20,},
year = 2013
}

@misc{Buhler11,
author = {Jeremy Buhler and Roger Chamberlain and Mark Franklin and Kwame Gyang
and Arpith Jacob and Praveen Krishnamurthy and Joseph Lancaster},
title = {Method and Apparatus for Performing Similarity Searching
on a Data Stream with Respect to a Query String},
howpublished = {U.S. Patent \#7,917,299},
month = {issued Mar. 29,},
year =  2011
}


@article{dr14,
url = {http://dx.doi.org/10.1561/0400000042},
year = {2014},
volume = {9},
journal = {Foundations and Trends\textsuperscript{\textregistered{}} in Theoretical Computer Science},
title = {The Algorithmic Foundations of Differential Privacy},
doi = {10.1561/0400000042},
issn = {1551-305X},
number = {3-4},
pages = {211-407},
author = {Cynthia Dwork and Aaron Roth}
}

@inproceedings{ccgss16,
  title={Layered Security and Ease of Installation for Devices on the {Internet of Things}},
  author={Chamberlain, Roger D and Chambers, Mike and Greenwalt, Darren and Steinbrueck, Brett and Steinbrueck, Todd},
  booktitle={Proc.\ of IEEE Int'l Conf.\ on Internet-of-Things Design and Implementation},
  pages={297--300},
  year={2016},
  month = apr,
  organization={IEEE}
}

@inproceedings{ccgss17,
  title={{Water in the Cloud: Remote Understanding of Water Chemistry: Poster Abstract}},
  author={Chamberlain, Roger D and Chambers, Mike and Greenwalt, Darren and Steinbrueck, Brett and Steinbrueck, Todd},
  booktitle={Proc.\ of ACM/IEEE Int'l Conf.\ on Internet-of-Things Design and Implementation},
  year={2017},
  month = apr,
  pages = {353-354},
  organization={ACM}
}

@article{bz06,
author = {M. Barbaro and T. Zeller},
title = {A face is exposed for {AOL} searcher {No.} 4417749},
journal = {The New York Times},
month = {Aug. 9,},
year = 2006
}

@article{dwork11,
author = {C. Dwork},
title = {A firm foundation for private data analysis},
journal = {Communications of the ACM},
volume = 54,
number = 1,
pages = {86-95},
year = 2011
}

@article{samarati01,
author = {P. Samarati},
title = {Protecting respondents' identities in microdata release},
journal = {IEEE Trans. on Knowl. and Data Eng.},
volume = 13,
number = 6,
pages = {1010-1027},
year = 2001
}

@article{sweeney02,
author = {L. Sweeney},
title = {$k$-anonymity: A model for protecting privacy},
journal = {International Journal of Uncertainty, Fuzziness and Knowledge-Based Systems},
volume = 10,
number = 5,
pages = {557-570},
year = 2002
}

@article{mkgv07,
author = {A. Machanavajjhala and D. Kifer and J. Gehrke and M. Venkitasubramaniam},
title = {$l$-diversity: Privacy beyond $k$-anonymity},
journal = {ACM Trans. Knowledge Discovery from Data},
volume = 1,
number = 1,
pages = {3:1-3:52},
month = mar,
year = 2007
}

@article{bk07,
author = {R.M. Bell and Y. Koren},
title = {Lessons from the {Netflix} prize challenge},
journal = {SIGKDD Explor. Newsl.},
volume = 9,
number = 2,
year = 2007
}

@article{ct13,
author = {Chris Clifton and Tamir Tassa},
title = {On Syntactic Anonymity and Differential Privacy},
journal = {Trans.\ in Data Privacy},
volume = 6,
pages = {161-183},
year = 2013
}

@inproceedings{acgmmtz16,
  title={Deep learning with differential privacy},
  author={Abadi, Mart{\'\i}n and Chu, Andy and Goodfellow, Ian and McMahan, H Brendan and Mironov, Ilya and Talwar, Kunal and Zhang, Li},
  booktitle={Proc.\ of ACM SIGSAC Conf.\ on Computer and Communications Security},
  pages={308--318},
  year={2016},
  organization={ACM}
}

@inproceedings{ss15,
  title={Privacy-preserving deep learning},
  author={Shokri, Reza and Shmatikov, Vitaly},
  booktitle={Proc.\ of ACM SIGSAC Conf.\ on Computer and Communications Security},
  pages={1310--1321},
  year={2015},
  organization={ACM}
}

@incollection{ccgss17b,
  title={{Devices can be Secure and Easy to Install on the Internet of Things}},
  author={Chamberlain, Roger D and Chambers, Mike and Greenwalt, Darren and Steinbrueck, Brett and Steinbrueck, Todd},
  booktitle={Interconnection, Integration, and Interoperability of IoT Systems},
  editor={Raffaele Gravina and Giancarlo Fortino},
  year={in press},
  publisher={Springer}
}

@techreport{ottley2012visually,
author = {Alvitta Ottley and Blossom Metevier and Paul KJ Han and Remco Chang},
title = {Visually Communicating {Bayesian} Statistics to Laypersons},
institution = {Tufts University},
address = {Medford, MA, USA},
number = {TR-2012-02},
year = 2012
}

@article{mb88,
author = {H.M. M\"uller-Steinhagen and C.A. Branch},
title = {Comparison of indices for the scaling and corrosion tendency of
water},
journal = {The Canadian Journal of Chemical Engineering},
volume = 66,
number = 6,
month = dec,
year = 1988,
pages = {1005-1007},
doi = {10.1002/cjce.5450660617}
}

@article{gefen2000relative,
  title={The relative importance of perceived ease of use in {IS} adoption: a study of e-commerce adoption},
  author={Gefen, David and Straub, Detmar W},
  journal={Journal of the Association for Information Systems},
  volume={1},
  number={1},
  pages={8},
  url={http://aisel.aisnet.org/jais/vol1/iss1/8},
  year={2000}
}

@article{hertzum2004usable,
  title={Usable security and e-banking: Ease of use vis-a-vis security},
  author={Hertzum, Morten and J{\o}rgensen, Niels and N{\o}rgaard, Mie},
  journal={Australasian Journal of Information Systems},
  volume={11},
  number={2},
  doi={10.3127/ajis.v11i2.124},
  year={2004}
}

@ARTICLE{schneier16,
author={B. Schneier},
journal={IEEE Security Privacy},
title={Stop Trying to Fix the User},
year={2016},
volume={14},
number={5},
pages={96-96},
keywords={Bruce Schneier;Last Word;cybersecurity;security},
doi={10.1109/MSP.2016.101},
ISSN={1540-7993},
month=sep
}

@article{hakone2017proact,
	title={{PROACT}: Iterative Design of a Patient-Centered Visualization for Effective Prostate Cancer Health Risk Communication},
	author={Hakone, Anzu and Harrison, Lane and Ottley, Alvitta and Winters, Nathan and Gutheil, Caitlin and Han, Paul KJ and Chang, Remco},
	journal={IEEE Transactions on Visualization and Computer Graphics},
	volume={23},
	number={1},
	pages={601--610},
	year={2017},
	publisher={IEEE}
}

@article{ottley2016improving,
	title={Improving {Bayesian} reasoning: The effects of phrasing, visualization, and spatial ability},
	author={Ottley, Alvitta and Peck, Evan M and Harrison, Lane T and Afergan, Daniel and Ziemkiewicz, Caroline and Taylor, Holly A and Han, Paul KJ and Chang, Remco},
	journal={IEEE Transactions on Visualization and Computer Graphics},
	volume={22},
	number={1},
	pages={529--538},
	year={2016},
	publisher={IEEE}
}

@article{ziemkiewicz2013visualization,
	title={How visualization layout relates to locus of control and other personality factors},
	author={Ziemkiewicz, Caroline and Ottley, Alvitta and Crouser, R Jordan and Yauilla, Ashley Rye and Su, Sara L and Ribarsky, William and Chang, Remco},
	journal={IEEE Transactions on Visualization and Computer Graphics},
	volume={19},
	number={7},
	pages={1109--1121},
	year={2013},
	publisher={IEEE}
}

@inproceedings{ottley2015personality,
	title={Personality as a predictor of user strategy: How locus of control affects search strategies on tree visualizations},
	author={Ottley, Alvitta and Yang, Huahai and Chang, Remco},
	booktitle={Proc.\ of 33rd ACM Conference on Human Factors in Computing Systems},
	pages={3251--3254},
	year={2015},
	organization={ACM}
}

@article{brown2014finding,
	title={{Finding Waldo}: Learning about users from their interactions},
	author={Brown, Eli T and Ottley, Alvitta and Zhao, Helen and Lin, Quan and Souvenir, Richard and Endert, Alex and Chang, Remco},
	journal={IEEE Transactions on Visualization and Computer Graphics},
	volume={20},
	number={12},
	pages={1663--1672},
	year={2014},
	publisher={IEEE}
}

@inproceedings{peck2013using,
	title={Using {fNIRS} brain sensing to evaluate information visualization interfaces},
	author={Peck, Evan M M and Yuksel, Beste F and Ottley, Alvitta and Jacob, Robert JK and Chang, Remco},
	booktitle={Proc.\ of SIGCHI Conference on Human Factors in Computing Systems},
	pages={473--482},
	year={2013},
	organization={ACM}
}

@article{sanyal2009user,
	title={A user study to compare four uncertainty visualization methods for {1D} and {2D} datasets},
	author={Sanyal, Jibonananda and Zhang, Song and Bhattacharya, Gargi and Amburn, Phil and Moorhead, Robert},
	journal={IEEE Transactions on Visualization and Computer Graphics},
	volume={15},
	number={6},
	year={2009},
	publisher={IEEE}
}

@article{sanyal2010noodles,
	title={Noodles: A tool for visualization of numerical weather model ensemble uncertainty},
	author={Sanyal, Jibonananda and Zhang, Song and Dyer, Jamie and Mercer, Andrew and Amburn, Philip and Moorhead, Robert},
	journal={IEEE Transactions on Visualization and Computer Graphics},
	volume={16},
	number={6},
	pages={1421--1430},
	year={2010},
	publisher={IEEE}
}

@article{spiegelhalter2011visualizing,
	title={Visualizing uncertainty about the future},
	author={Spiegelhalter, David and Pearson, Mike and Short, Ian},
	journal={Science},
	volume={333},
	number={6048},
	pages={1393--1400},
	year={2011},
	publisher={American Association for the Advancement of Science}
}

@incollection{brodlie2012review,
	title={A review of uncertainty in data visualization},
	author={Brodlie, Ken and Osorio, Rodolfo Allendes and Lopes, Adriano},
	booktitle={Expanding the Frontiers of Visual Analytics and Visualization},
	pages={81--109},
	year={2012},
	publisher={Springer}
}

@article{hart1988development,
	title={Development of {NASA-TLX} ({Task Load Index}): Results of empirical and theoretical research},
	author={Hart, Sandra G and Staveland, Lowell E},
	journal={Advances in Psychology},
	volume={52},
	pages={139--183},
	year={1988},
	publisher={Elsevier}
}

@article{bangor2008empirical,
	title={An empirical evaluation of the system usability scale},
	author={Bangor, Aaron and Kortum, Philip T and Miller, James T},
	journal={Int'l Journal of Human-Computer Interaction},
	volume={24},
	number={6},
	pages={574--594},
	year={2008},
	publisher={Taylor \& Francis}
}

@book{charlton2001handbook,
	title={Handbook of Human Factors Testing and Evaluation},
	author={Charlton, Samuel G and O'Brien, Thomas G},
	year={2001},
	publisher={CRC Press}
}

@book{hix1993developing,
	title={Developing User Interfaces: Ensuring Usability Through Product \& Process},
	author={Hix, Deborah and Hartson, H Rex},
	year={1993},
	publisher={John Wiley \& Sons, Inc.}
}

@book{lewis1982using,
	title={Using the ``thinking-aloud'' method in cognitive interface design},
	author={Lewis, Clayton},
	year={1982},
	publisher={IBM TJ Watson Research Center}
}

@Article{Eppler09,
author="Eppler, Martin J and Aeschimann, Markus",
title="A systematic framework for risk visualization in risk management and communication",
journal="Risk Management",
year="2009",
volume="11",
number="2",
pages="67--89",
issn="1743-4637",
doi="10.1057/rm.2009.4",
url="http://dx.doi.org/10.1057/rm.2009.4"
}

@article{Sarlin16,
author = {Peter Sarlin},
title = {Macroprudential oversight, risk communication and visualization},
journal = {Journal of Financial Stability},
volume = 27,
pages = {160--179},
month = dec,
year = 2016
}

@inproceedings{fs10,
 author = {Friedman, Arik and Schuster, Assaf},
 title = {Data Mining with Differential Privacy},
 booktitle = {Proc.\ of 16th ACM SIGKDD International Conference on Knowledge Discovery and Data Mining},
 year = {2010},
 isbn = {978-1-4503-0055-1},
 location = {Washington, DC, USA},
 pages = {493--502},
 url = {http://doi.acm.org/10.1145/1835804.1835868},
 doi = {10.1145/1835804.1835868},
 acmid = {1835868},
 publisher = {ACM},
 address = {New York, NY, USA},
 keywords = {data mining, decision trees, differential privacy},
}

@INPROCEEDINGS{vdlgw15,
author={E. Vasilomanolakis and J. Daubert and M. Luthra and V. Gazis and A. Wiesmaier and P. Kikiras},
booktitle={Proc. of International Workshop on Secure Internet of Things (SIoT)},
title={On the Security and Privacy of {Internet of Things} Architectures and Systems},
year={2015},
pages={49--57},
keywords={Internet of Things;data privacy;Internet of Things;IoT architecture;privacy;security;Communication networks;Computer architecture;Internet of things;Privacy;Resilience;Security;Sensors},
doi={10.1109/SIOT.2015.9},
month=sep,
}

@article{kp14,
author = {J. Sathish Kuman and Dhiren R. Patel},
title = {A Survey on {Internet of Things}: Security and Privacy Issues},
journal = {International Journal of Computer Applications},
volume = 90,
number = 11,
month = mar,
year = 2014
}

@INPROCEEDINGS{tippers,
author={S. Mehrotra and A. Kobsa and N. Venkatasubramanian and S. R. Rajagopalan},
booktitle={Proc.\ of IEEE International Conference on Pervasive Computing and Communication Workshops (PerCom Workshops)},
title={{TIPPERS}: A privacy cognizant {IoT} environment},
year={2016},
pages={1-6},
keywords={HVAC;Internet of Things;building management systems;computer network security;data privacy;local area networks;TIPPERS project;application domain;data collection;personal data collection;privacy management;privacy-cognizant IoT environment;school building;Buildings;Data privacy;Data processing;Pipelines;Privacy;Sensor systems;IoT environment;privacy},
doi={10.1109/PERCOMW.2016.7457158},
month=mar
}

@article{Kellaris14,
 author = {Kellaris, Georgios and Papadopoulos, Stavros and Xiao, Xiaokui and Papadias, Dimitris},
 title = {Differentially Private Event Sequences over Infinite Streams},
 journal = {Proc. VLDB Endow.},
 volume = {7},
 number = {12},
 month = aug,
 year = {2014},
 issn = {2150-8097},
 pages = {1155--1166},
 url = {http://dx.doi.org/10.14778/2732977.2732989},
 doi = {10.14778/2732977.2732989},
 acmid = {2732989},
 publisher = {VLDB Endowment},
}
